@article{Koch2006,
  doi = {10.1016/j.cub.2006.05.056},
  url = {https://doi.org/10.1016/j.cub.2006.05.056},
  year  = {2006},
  month = {jul},
  publisher = {Elsevier {BV}},
  volume = {16},
  number = {14},
  pages = {1428--1434},
  author = {Kristin Koch and Judith McLean and Ronen Segev and Michael A. Freed and Michael J. Berry and Vijay Balasubramanian and Peter Sterling},
  title = {How Much the Eye Tells the Brain},
  journal = {Current Biology}
}

@misc{huang1996,
  title={Computer vision: Evolution and promise},
  author={Huang, T},
  year={1996},
  publisher={Cern}
}
@article{Tremblay2018DR,
  author    = {Jonathan Tremblay and
               Aayush Prakash and
               David Acuna and
               Mark Brophy and
               Varun Jampani and
               Cem Anil and
               Thang To and
               Eric Cameracci and
               Shaad Boochoon and
               Stan Birchfield},
  title     = {Training Deep Networks with Synthetic Data: Bridging the Reality Gap
               by Domain Randomization},
  journal   = {CoRR},
  volume    = {abs/1804.06516},
  year      = {2018},
  url       = {http://arxiv.org/abs/1804.06516},
  archivePrefix = {arXiv},
  eprint    = {1804.06516},
  timestamp = {Mon, 13 Aug 2018 16:48:18 +0200},
  biburl    = {https://dblp.org/rec/bib/journals/corr/abs-1804-06516},
  bibsource = {dblp computer science bibliography, https://dblp.org}
}
@article{UnrealStereo,
  author    = {Yi Zhang and
               Weichao Qiu and
               Qi Chen and
               Xiaolin Hu and
               Alan L. Yuille},
  title     = {UnrealStereo: {A} Synthetic Dataset for Analyzing Stereo Vision},
  journal   = {CoRR},
  volume    = {abs/1612.04647},
  year      = {2016},
  url       = {http://arxiv.org/abs/1612.04647},
  archivePrefix = {arXiv},
  eprint    = {1612.04647},
  timestamp = {Mon, 13 Aug 2018 16:47:06 +0200},
  biburl    = {https://dblp.org/rec/bib/journals/corr/ZhangQCHY16},
  bibsource = {dblp computer science bibliography, https://dblp.org}
}

@article{StyleTransfer,
  author    = {Leon A. Gatys and
               Alexander S. Ecker and
               Matthias Bethge},
  title     = {A Neural Algorithm of Artistic Style},
  journal   = {CoRR},
  volume    = {abs/1508.06576},
  year      = {2015},
  url       = {http://arxiv.org/abs/1508.06576},
  archivePrefix = {arXiv},
  eprint    = {1508.06576},
  timestamp = {Mon, 13 Aug 2018 16:48:03 +0200},
  biburl    = {https://dblp.org/rec/bib/journals/corr/GatysEB15a},
  bibsource = {dblp computer science bibliography, https://dblp.org}
}

@article{OpenCV,
    author = {Bradski, G.},
    citeulike-article-id = {2236121},
    journal = {Dr. Dobb's Journal of Software Tools},
    keywords = {bibtex-import},
    posted-at = {2008-01-15 19:21:54},
    priority = {4},
    title = {{The OpenCV Library}},
    year = {2000}
}
@Book{wordnet,
    title = {WordNet: An Electronic Lexical Database},
    author = {Christiane Fellbaum},
    year = {1998},
    publisher = {Bradford Books},
  }
@inproceedings{bias,
  doi = {10.1109/cvpr.2011.5995347},
  url = {https://doi.org/10.1109/cvpr.2011.5995347},
  year  = {2011},
  month = {jun},
  publisher = {{IEEE}},
  author = {Antonio Torralba and Alexei A. Efros},
  title = {Unbiased look at dataset bias},
  booktitle = {{CVPR} 2011}
}

@article{pascal,
  doi = {10.1007/s11263-014-0733-5},
  url = {https://doi.org/10.1007/s11263-014-0733-5},
  year  = {2014},
  month = {jun},
  publisher = {Springer Nature},
  volume = {111},
  number = {1},
  pages = {98--136},
  author = {Mark Everingham and S. M. Ali Eslami and Luc Van Gool and Christopher K. I. Williams and John Winn and Andrew Zisserman},
  title = {The Pascal Visual Object Classes Challenge: A Retrospective},
  journal = {International Journal of Computer Vision}
}
@article{Erik,
  doi = {10.2139/ssrn.1679991},
  url = {https://doi.org/10.2139/ssrn.1679991},
  year  = {2010},
  publisher = {Elsevier {BV}},
  author = {Erik Brynjolfsson and Yu Jeffrey Hu and Michael D. Smith},
  title = {The Longer Tail: The Changing Shape of Amazon's Sales Distribution Curve},
  journal = {{SSRN} Electronic Journal}
}

@inproceedings{imagenet,
  doi = {10.1109/cvpr.2012.6248055},
  url = {https://doi.org/10.1109/cvpr.2012.6248055},
  year  = {2012},
  month = {jun},
  publisher = {{IEEE}},
  author = {M. Guillaumin and V. Ferrari},
  title = {Large-scale knowledge transfer for object localization in {ImageNet}},
  booktitle = {2012 {IEEE} Conference on Computer Vision and Pattern Recognition}
}

}

@misc{ wikipedia,
   author = "{Wikipedia contributors}",
   title = "Kalman Filter --- {W}ikipedia{,} The Free Encyclopedia",
   year = "2018",
   url = "https://en.wikipedia.org/wiki/Kalman_filter",
   note = "[Online; accessada 13 de Junho de 2018]"
 }

@misc{fei,
  title={Where have we been? Where are we going?},
  author={L. Fei-Fei, J. Deng},
  year={2017},
  publisher={http://image-net.org/},
  note = "[Online; accessada 28 de Junho de 2018]"
}



@misc{fastai,
  title={fastai},
  author={Howard, Jeremy and others},
  year={2018},
  publisher={GitHub},
  howpublished={\url{https://github.com/fastai/fastai}},
}

@incollection{alexnet,
title = {ImageNet Classification with Deep Convolutional Neural Networks},
author = {Alex Krizhevsky and Sutskever, Ilya and Hinton, Geoffrey E},
booktitle = {Advances in Neural Information Processing Systems 25},
editor = {F. Pereira and C. J. C. Burges and L. Bottou and K. Q. Weinberger},
pages = {1097--1105},
year = {2012},
publisher = {Curran Associates, Inc.},
url = {http://papers.nips.cc/paper/4824-imagenet-classification-with-deep-convolutional-neural-networks.pdf}
}
@book{goodfellow,
  author    = {Ian J. Goodfellow and
               Yoshua Bengio and
               Aaron C. Courville},
  title     = {Deep Learning},
  series    = {Adaptive computation and machine learning},
  publisher = {{MIT} Press},
  year      = {2016},
  url       = {http://www.deeplearningbook.org/},
  isbn      = {978-0-262-03561-3},
  timestamp = {Sat, 25 Mar 2017 00:00:00 +0100},
  biburl    = {https://dblp.org/rec/bib/books/daglib/0040158},
  bibsource = {dblp computer science bibliography, https://dblp.org}
}
@article{horn,
  title={The Devil is in the Tails: Fine-grained Classification in the Wild},
  author={Grant Van Horn and Pietro Perona},
  journal={CoRR},
  year={2017},
  volume={abs/1709.01450}
}
@article{caltech,
  added-at = {2013-02-05T00:00:00.000+0100},
  author = {Li, Fei-Fei and Fergus, Robert and Perona, Pietro},

  ee = {http://dx.doi.org/10.1016/j.cviu.2005.09.012},
  interhash = {deb4b480404bdeebdfa770c5641e978d},
  intrahash = {99e8fe1cccf0774960d3026ad87292b3},
  journal = {Computer Vision and Image Understanding},
  keywords = {dblp},
  number = 1,
  pages = {59-70},
  timestamp = {2013-02-06T11:34:15.000+0100},
  title = {Learning generative visual models from few training examples: An incremental Bayesian approach tested on 101 object categories.},
  volume = 106,
  year = 2007
}

@TechReport{ribeiro,
  author = 	 {Lucas Ribeiro and Luiz Vieiray},
  title = 	 {Projeto Demonstrativo 04},
  institution =  {Universidade de Brasilia},
  year = 	 {2018},
  month = 	 {May},
  note = 	 {Computer Vision course assignment by {Teo de Campos}},
}

@inproceedings{fred,
  author    = {Saining Xie and
               Ross B. Girshick and
               Piotr Doll{\'{a}}r and
               Zhuowen Tu and
               Kaiming He},
  title     = {Aggregated Residual Transformations for Deep Neural Networks},
  booktitle = {2017 {IEEE} Conference on Computer Vision and Pattern Recognition,
               {CVPR} 2017, Honolulu, HI, USA, July 21-26, 2017},
  pages     = {5987--5995},
  year      = {2017},
  url       = {https://doi.org/10.1109/CVPR.2017.634},
  doi       = {10.1109/CVPR.2017.634},
  timestamp = {Tue, 14 Nov 2017 09:55:57 +0100},
  biburl    = {https://dblp.org/rec/bib/conf/cvpr/XieGDTH17},
  bibsource = {dblp computer science bibliography, https://dblp.org}
}

@article{KHe,
  author    = {Kaiming He and
               Xiangyu Zhang and
               Shaoqing Ren and
               Jian Sun},
  title     = {Delving Deep into Rectifiers: Surpassing Human-Level Performance on
               ImageNet Classification},
  journal   = {CoRR},
  volume    = {abs/1502.01852},
  year      = {2015},
  url       = {http://arxiv.org/abs/1502.01852},
  archivePrefix = {arXiv},
  eprint    = {1502.01852},
  timestamp = {Mon, 13 Aug 2018 16:47:36 +0200},
  biburl    = {https://dblp.org/rec/bib/journals/corr/HeZR015},
  bibsource = {dblp computer science bibliography, https://dblp.org}
}

@article{Pan,
 author = {Pan, Sinno Jialin and Yang, Qiang},
 title = {A Survey on Transfer Learning},
 journal = {IEEE Trans. on Knowl. and Data Eng.},
 issue_date = {October 2010},
 volume = {22},
 number = {10},
 month = oct,
 year = {2010},
 issn = {1041-4347},
 pages = {1345--1359},
 numpages = {15},
 url = {http://dx.doi.org/10.1109/TKDE.2009.191},
 doi = {10.1109/TKDE.2009.191},
 acmid = {1850545},
 publisher = {IEEE Educational Activities Department},
 address = {Piscataway, NJ, USA},
 keywords = {Transfer learning, Transfer learning, survey, machine learning, data mining., data mining., machine learning, survey},
} 
